@IEEEtranBSTCTL{IEEEexample:BSTcontrol,
  CTLdash_repeated_names = "no"
}

@inproceedings{corvi2023detection,
  title={On the detection of synthetic images generated by diffusion models},
  author={Corvi, Riccardo and Cozzolino, Davide and Zingarini, Giada and Poggi, Giovanni and Nagano, Koki and Verdoliva, Luisa},
  booktitle={ICASSP 2023-2023 IEEE International Conference on Acoustics, Speech and Signal Processing (ICASSP)},
  pages={1--5},
  year={2023},
  organization={IEEE}
}

@misc{vipcuplink,
  author = {Corvi, R and Cozzolino, D. and Nagano, K. and Verdoliva, L.},
  title = {{IEEE Video and Image Processing Cup}},
  howpublished = "\url{https://grip-unina.github.io/vipcup2022/}",
  year = {2022}
}

@article{Platt1999probabilistic,
  title={Probabilistic outputs for support vector machines and comparison to regularized likelihood methods},
  author={Platt, J.},
  journal={Advances in Large Margin Classiers},
  year={1999}
}

@article{nichol2021glide,
  title={{GLIDE: Towards photorealistic image generation and editing with text-guided diffusion models}},
  author={Nichol, A. and Dhariwal, P. and Ramesh, A. and Shyam, P. and Mishkin, P. and McGrew, B. and Sutskever, I. and Chen, M.},
  journal={arXiv preprint arXiv:2112.10741},
  year={2021}
}

@inproceedings{rombach2022high,
  title={High-resolution image synthesis with latent diffusion models},
  author={Rombach, R. and Blattmann, A. and Lorenz, D. and Esser, P. and Ommer, B.},
  booktitle={CVPR},
  pages={10684--10695},
  year={2022}
}

@ARTICLE{ramesh2022hierarchical,
  author={Ramesh, A. and Dhariwal, P. and Nichol, A. and Chu, C. and Chen, M.},
  journal={arXiv preprint arXiv:2204.06125v1}, 
  title={Hierarchical text-conditional image generation with clip latents}, 
  year={2022},
}

@article{dhariwal2021diffusion,
  title={Diffusion models beat GANs on image synthesis},
  author={Dhariwal, P. and Nichol, A.},
  journal={Advances in Neural Information Processing Systems},
  volume={34},
  pages={8780--8794},
  year={2021}
}

@misc{stablediffusion2022,
    author= {Rombach, R. and Blattmann, A. and Lorenz, D. and Esser, P. and Ommer, B.},
    title = {Stable Diffusion},
    howpublished = "\url{https://github.com/CompVis/stable-diffusion}",
    year={2022}
}

@article{boato2024adversarial,
  title={Adversarial mimicry attacks against image splicing forensics: An approach for jointly hiding manipulations and creating false detections},
  author={Boato, Giulia and De Natale, Francesco GB and De Stefano, Gianluca and Pasquini, Cecilia and Roli, Fabio},
  journal={Pattern Recognition Letters},
  volume={179},
  pages={73--79},
  year={2024},
  publisher={Elsevier}
}

@article{cozzolino2019noiseprint,
  title={Noiseprint: A CNN-based camera model fingerprint},
  author={Cozzolino, Davide and Verdoliva, Luisa},
  journal={IEEE Transactions on Information Forensics and Security},
  volume={15},
  pages={144--159},
  year={2019},
  publisher={IEEE}
}

@inproceedings{huh2018fighting,
  title={Fighting fake news: Image splice detection via learned self-consistency},
  author={Huh, Minyoung and Liu, Andrew and Owens, Andrew and Efros, Alexei A},
  booktitle={Proceedings of the European conference on computer vision (ECCV)},
  pages={101--117},
  year={2018}
}

@article{ng2004data,
  title={A data set of authentic and spliced image blocks},
  author={Ng, Tian-Tsong and Chang, Shih-Fu and Sun, Q},
  journal={Columbia University, ADVENT Technical Report},
  volume={4},
  year={2004}
}

@article{carvalho2015illuminant,
  title={Illuminant-based transformed spaces for image forensics},
  author={Carvalho, Tiago and Faria, Fabio A and Pedrini, Helio and Torres, Ricardo da S and Rocha, Anderson},
  journal={IEEE transactions on information forensics and security},
  volume={11},
  number={4},
  pages={720--733},
  year={2015},
  publisher={IEEE}
}
