@IEEEtranBSTCTL{IEEEexample:BSTcontrol,
  CTLdash_repeated_names = "no"
}

@inproceedings{corvi2023detection,
  title={On the detection of synthetic images generated by diffusion models},
  author={Corvi, Riccardo and Cozzolino, Davide and Zingarini, Giada and Poggi, Giovanni and Nagano, Koki and Verdoliva, Luisa},
  booktitle={ICASSP 2023-2023 IEEE International Conference on Acoustics, Speech and Signal Processing (ICASSP)},
  pages={1--5},
  year={2023},
  organization={IEEE}
}

@misc{vipcuplink,
  author = {Corvi, R and Cozzolino, D. and Nagano, K. and Verdoliva, L.},
  title = {{IEEE Video and Image Processing Cup}},
  howpublished = "\url{https://grip-unina.github.io/vipcup2022/}",
  year = {2022}
}

@article{Platt1999probabilistic,
  title={Probabilistic outputs for support vector machines and comparison to regularized likelihood methods},
  author={Platt, J.},
  journal={Advances in Large Margin Classiers},
  year={1999}
}

@article{nichol2021glide,
  title={{GLIDE: Towards photorealistic image generation and editing with text-guided diffusion models}},
  author={Nichol, A. and Dhariwal, P. and Ramesh, A. and Shyam, P. and Mishkin, P. and McGrew, B. and Sutskever, I. and Chen, M.},
  journal={arXiv preprint arXiv:2112.10741},
  year={2021}
}

@inproceedings{rombach2022high,
  title={High-resolution image synthesis with latent diffusion models},
  author={Rombach, R. and Blattmann, A. and Lorenz, D. and Esser, P. and Ommer, B.},
  booktitle={CVPR},
  pages={10684--10695},
  year={2022}
}

@ARTICLE{ramesh2022hierarchical,
  author={Ramesh, A. and Dhariwal, P. and Nichol, A. and Chu, C. and Chen, M.},
  journal={arXiv preprint arXiv:2204.06125v1}, 
  title={Hierarchical text-conditional image generation with clip latents}, 
  year={2022},
}

@article{dhariwal2021diffusion,
  title={Diffusion models beat GANs on image synthesis},
  author={Dhariwal, P. and Nichol, A.},
  journal={Advances in Neural Information Processing Systems},
  volume={34},
  pages={8780--8794},
  year={2021}
}

@misc{stablediffusion2022,
    author= {Rombach, R. and Blattmann, A. and Lorenz, D. and Esser, P. and Ommer, B.},
    title = {Stable Diffusion},
    howpublished = "\url{https://github.com/CompVis/stable-diffusion}",
    year={2022}
}

@article{boato2024adversarial,
  title={Adversarial mimicry attacks against image splicing forensics: An approach for jointly hiding manipulations and creating false detections},
  author={Boato, Giulia and De Natale, Francesco GB and De Stefano, Gianluca and Pasquini, Cecilia and Roli, Fabio},
  journal={Pattern Recognition Letters},
  volume={179},
  pages={73--79},
  year={2024},
  publisher={Elsevier}
}

@article{cozzolino2019noiseprint,
  title={Noiseprint: A CNN-based camera model fingerprint},
  author={Cozzolino, Davide and Verdoliva, Luisa},
  journal={IEEE Transactions on Information Forensics and Security},
  volume={15},
  pages={144--159},
  year={2019},
  publisher={IEEE}
}

@inproceedings{huh2018fighting,
  title={Fighting fake news: Image splice detection via learned self-consistency},
  author={Huh, Minyoung and Liu, Andrew and Owens, Andrew and Efros, Alexei A},
  booktitle={Proceedings of the European conference on computer vision (ECCV)},
  pages={101--117},
  year={2018}
}

@article{ng2004data,
  title={A data set of authentic and spliced image blocks},
  author={Ng, Tian-Tsong and Chang, Shih-Fu and Sun, Q},
  journal={Columbia University, ADVENT Technical Report},
  volume={4},
  year={2004}
}

@article{carvalho2015illuminant,
  title={Illuminant-based transformed spaces for image forensics},
  author={Carvalho, Tiago and Faria, Fabio A and Pedrini, Helio and Torres, Ricardo da S and Rocha, Anderson},
  journal={IEEE transactions on information forensics and security},
  volume={11},
  number={4},
  pages={720--733},
  year={2015},
  publisher={IEEE}
}

@manual{sd1_github,
  title  = {Stable Diffusion},
  author = {{Computer Vision and Learning LMU Munich}},
  note   = {{https://github.com/CompVis/stable-diffusion}},
  year   = {2022 (accessed June 20, 2024)}
}

@manual{sd2_github,
  title  = {Stable Diffusion Version 2},
  author = {Stability AI},
  note   = {\url{https://github.com/Stability-AI/stablediffusion}},
  year   = {2022}
}

@article{podell2023sdxl,
  title={Sdxl: Improving latent diffusion models for high-resolution image synthesis},
  author={Podell, Dustin and English, Zion and Lacey, Kyle and Blattmann, Andreas and Dockhorn, Tim and M{\"u}ller, Jonas and Penna, Joe and Rombach, Robin},
  journal={arXiv preprint arXiv:2307.01952},
  year={2023}
}

@article{sauer2023adversarial-sdxl-turbo,
  title={Adversarial diffusion distillation},
  author={Sauer, Axel and Lorenz, Dominik and Blattmann, Andreas and Rombach, Robin},
  journal={arXiv preprint arXiv:2311.17042},
  year={2023}
}

@article{mandelli2024synthetic,
  title={When Synthetic Traces Hide Real Content: Analysis of Stable Diffusion Image Laundering},
  author={Mandelli, Sara and Bestagini, Paolo and Tubaro, Stefano},
  journal={arXiv preprint arXiv:2407.10736},
  year={2024}
}

@inproceedings{mandelli2022detecting,
  title={Detecting gan-generated images by orthogonal training of multiple cnns},
  author={Mandelli, Sara and Bonettini, Nicol{\`o} and Bestagini, Paolo and Tubaro, Stefano},
  booktitle={2022 IEEE International Conference on Image Processing (ICIP)},
  pages={3091--3095},
  year={2022},
  organization={IEEE}
}

@manual{sdxl_base_1_0,
  title  = {stable-diffusion-xl-base-1.0},
  author = {stabilityai},
  note   = {https://huggingface.co/stabilityai/stable-diffusion-xl-base-1.0},
  year   = {2023 (accessed November 25, 2024)}
}

@InProceedings{Wang_2020_CVPR,
author = {Wang, Sheng-Yu and Wang, Oliver and Zhang, Richard and Owens, Andrew and Efros, Alexei A.},
title = {CNN-Generated Images Are Surprisingly Easy to Spot... for Now},
booktitle = {Proceedings of the IEEE/CVF Conference on Computer Vision and Pattern Recognition (CVPR)},
month = {June},
year = {2020}
}

@inproceedings{denglarge,
  title={A large-scale hierarchical image database. Computer Vision and Pattern Recognition, 2009. CVPR 2009},
  author={Deng, Jia and Dong, Wei and Socher, Richard and Li, Li-Jia and Li, Kai and Fei-Fei, L Imagenet},
  booktitle={IEEE Conference on},
  pages={248--255}
}

@article{de2024exploring,
  title={Exploring the Adversarial Robustness of CLIP for AI-generated Image Detection},
  author={De Rosa, Vincenzo and Guillaro, Fabrizio and Poggi, Giovanni and Cozzolino, Davide and Verdoliva, Luisa},
  journal={arXiv preprint arXiv:2407.19553},
  year={2024}
}

@article{farid2022lighting,
  title={Lighting (in) consistency of paint by text},
  author={Farid, Hany},
  journal={arXiv preprint arXiv:2207.13744},
  year={2022}
}

@article{farid2022perspective,
  title={Perspective (in) consistency of paint by text},
  author={Farid, Hany},
  journal={arXiv preprint arXiv:2206.14617},
  year={2022}
}

@inproceedings{mundra2023exposing,
  title={Exposing gan-generated profile photos from compact embeddings},
  author={Mundra, Shivansh and Porcile, Gonzalo J Aniano and Marvaniya, Smit and Verbus, James R and Farid, Hany},
  booktitle={Proceedings of the IEEE/CVF Conference on Computer Vision and Pattern Recognition},
  pages={884--892},
  year={2023}
}

@inproceedings{carlini2020evading,
  title={Evading deepfake-image detectors with white-and black-box attacks},
  author={Carlini, Nicholas and Farid, Hany},
  booktitle={Proceedings of the IEEE/CVF conference on computer vision and pattern recognition workshops},
  pages={658--659},
  year={2020}
}

@inproceedings{cozzolino2024raising,
  title={Raising the Bar of AI-generated Image Detection with CLIP},
  author={Cozzolino, Davide and Poggi, Giovanni and Corvi, Riccardo and Nie{\ss}ner, Matthias and Verdoliva, Luisa},
  booktitle={Proceedings of the IEEE/CVF Conference on Computer Vision and Pattern Recognition},
  pages={4356--4366},
  year={2024}
}
